@online{stadium,
    author  = {Jack Trice Stadium},
    title   = {Jack Trice Stadium Information},
    year    = {2024},
    url     = {https://www.amesstadium.com/information/},
    urldate = {2024-09-08}
}
@online{thompson2024,
    author  = {Kristen D Thompson},
    title   = {How the Drone War in Ukraine Is Transforming Conflict},
    date    = {2024-01-16},
    url     = {https://www.cfr.org/article/how-drone-war-ukraine-transforming-conflict},
    urldate = {2024-09-08}
}
@online{mavic3,
    author= {DJI},
    title= {DJI Mavic 3 Pro},
    year= {2024},
    url= {https://www.dji.com/mavic-3-pro},
    urldate= {2024-09-08}
}
@online{anvil,
    author= {Anduril},
    title= {Anvil},
    year= {2024},
    url= {https://www.anduril.com/hardware/anvil/},
    urldate= {2024-09-08}
}